@book
{
	Cormen,
	author		= "M. Cormen et. al.",
	title		= "Introduction to Algorithms",
	publisher 	= "MIT Press",
	edition		= "3rd"
	year		= "",
}
@book
{
	Malik,
	author		= "D. S. Malik",
	title		= "Data Structures Using C++",
	publisher 	= "Course Technology, Cengage Learning",
	edition		= "2nd"
	year		= "",
}
@book
{
	Aho,
	author		= "Aho et. al.",
	title		= "Data Structures and Algorithms",
	publisher 	= "",
	edition		= ""
	year		= "",
}
@misc{Ref:Complexityutexas,
    howpublished = "\url{http://www.cs.utexas.edu/users/djimenez/utsa/cs1723/lecture2.html}"
}
