@misc{wikc,
	howpublished = "\url{http://en.wikipedia.org/wiki/C_standard_library}"
}
@misc{wikcpp,
	howpublished = "\url{http://en.wikipedia.org/wiki/C2B2B_standard_library}"
}

