@book{Deitel,
	author		= "H. M. Deitel and P. J. Deitel",
	title		= "C++: How to Program",
	publisher 	= "Prentice Hall",
	edition		= "5th"
	year		= "2005",
}
@book{Lafore,
	author		= "Robert Lafore",
	title		= "Object--Oriented Programming in C++",
	publisher 	= "SAMS",
	edition		= "4th",
	year		= "2002",
}
