@book
{
	Griffith,
	author		= "D. J. Griffiths",
	title		= "Introduction to Electrodynamics",
	publisher 	= "Pearson Publications",
	edition		= "3rd"
	year		= "2007",
}
@book
{
	Serway,
	author		= "R. A. Serway and J. W. Jewett",
	title		= "Physics for Scientists and Engineers",
	publisher 	= "Thomson - Brooks/Cole",
	edition		= "6th"
	year		= "2004",
}
@book
{
	Sadiku,
	author		= "M. N. O. Sadiku",
	title		= "Elements of Electromagnetics",
	publisher 	= "",
	edition		= "2nd"
	year		= "",
}
