@book{Deitel,
	author		= "H. M. Deitel and P. J. Deitel",
	title		= "C++: How to Program",
	publisher 	= "Prentice Hall",
	edition		= "5th"
	year		= "2005",
}
@book{Lafore,
	author		= "Robert Lafore",
	title		= "Object--Oriented Programming in C++",
	publisher 	= "SAMS",
	edition		= "4th",
	year		= "2002",
}
@misc{Ref:CPP-Copy-Constructor-and-Assignment-Operator,
    howpublished = "\url{http://www.cplusplus.com/articles/y8hv0pDG/}"
}
@misc{Ref:CPP-Operator-Overloading,
    howpublished = "\url{http://stackoverflow.com/questions/4421706/operator-overloading}"
}
@misc{Ref:SOF-ios-ate-app,
    howpublished = "\url{http://stackoverflow.com/questions/10359702/c-filehandling-difference-between-iosapp-and-iosate}"
}
@misc{Ref:CPP-ios-ate-app,
    howpublished = "\url{http://www.cplusplus.com/reference/iostream/fstream/open/}"
}
@misc{Ref:CPP-ios-flags,
    howpublished = "\url{http://www.cplusplus.com/reference/ios/ios_base/iostate/}"
}